[gd_scene load_steps=8 format=2]

[ext_resource path="res://Assets/UI_Theme.theme" type="Theme" id=1]
[ext_resource path="res://UI/HUD/HUD.gd" type="Script" id=2]
[ext_resource path="res://UI/HUD/AmountPanel.tscn" type="PackedScene" id=3]
[ext_resource path="res://Assets/ProgressBar_FG_Orange.tres" type="StyleBox" id=4]
[ext_resource path="res://Assets/ProgressBar_FG_Green.tres" type="StyleBox" id=5]
[ext_resource path="res://Assets/ProgressBar_FG_Blue.tres" type="StyleBox" id=6]
[ext_resource path="res://Assets/ProgressBar_FG_Red.tres" type="StyleBox" id=7]

[node name="HUD" type="MarginContainer"]
anchor_top = 1.0
anchor_right = 1.0
anchor_bottom = 1.0
margin_top = -139.0
theme = ExtResource( 1 )
custom_constants/margin_right = 25
custom_constants/margin_top = 25
custom_constants/margin_left = 25
custom_constants/margin_bottom = 25
script = ExtResource( 2 )

[node name="HBox" type="HBoxContainer" parent="."]
editor/display_folded = true
margin_left = 25.0
margin_top = 25.0
margin_right = 999.0
margin_bottom = 114.0
alignment = 1

[node name="VBoxGun" type="VBoxContainer" parent="HBox"]
margin_right = 322.0
margin_bottom = 89.0
size_flags_horizontal = 3
size_flags_vertical = 3
alignment = 1

[node name="Fire" parent="HBox/VBoxGun" instance=ExtResource( 3 )]
margin_bottom = 42.0

[node name="Panel" parent="HBox/VBoxGun/Fire" index="0"]
margin_left = 4.45536
margin_top = 5.81134
margin_right = 317.738
margin_bottom = 38.9006

[node name="HBoxContainer" parent="HBox/VBoxGun/Fire" index="1"]
margin_left = 4.45536
margin_top = 5.81134
margin_right = 317.738
margin_bottom = 38.9006

[node name="Title" parent="HBox/VBoxGun/Fire/HBoxContainer" index="0"]
margin_top = 6.0
margin_bottom = 27.0
text = "Fire"

[node name="ProgressBar" parent="HBox/VBoxGun/Fire/HBoxContainer" index="1"]
margin_right = 313.0
margin_bottom = 33.0
custom_styles/fg = ExtResource( 4 )

[node name="Ammo" parent="HBox/VBoxGun" instance=ExtResource( 3 )]
margin_top = 46.0

[node name="Panel" parent="HBox/VBoxGun/Ammo" index="0"]
margin_left = 4.45536
margin_top = 5.81134
margin_right = 317.738
margin_bottom = 39.9006

[node name="HBoxContainer" parent="HBox/VBoxGun/Ammo" index="1"]
margin_left = 4.45536
margin_top = 5.81134
margin_right = 317.738
margin_bottom = 39.9006

[node name="Title" parent="HBox/VBoxGun/Ammo/HBoxContainer" index="0"]
margin_top = 6.0
margin_bottom = 27.0

[node name="ProgressBar" parent="HBox/VBoxGun/Ammo/HBoxContainer" index="1"]
margin_right = 313.0
margin_bottom = 34.0
custom_styles/fg = ExtResource( 4 )

[node name="AbilityRecharge" type="PanelContainer" parent="HBox"]
self_modulate = Color( 1, 1, 1, 0.803922 )
margin_left = 326.0
margin_right = 648.0
margin_bottom = 89.0
size_flags_horizontal = 3
size_flags_vertical = 3

[node name="Panel" type="Panel" parent="HBox/AbilityRecharge"]
modulate = Color( 1, 1, 1, 0.705882 )
margin_left = 4.45536
margin_top = 5.81134
margin_right = 317.738
margin_bottom = 85.9006

[node name="HBoxContainer" type="HBoxContainer" parent="HBox/AbilityRecharge"]
margin_left = 4.45536
margin_top = 5.81134
margin_right = 317.738
margin_bottom = 85.9006
size_flags_horizontal = 3
alignment = 1

[node name="Ability" type="TextureButton" parent="HBox/AbilityRecharge/HBoxContainer"]
margin_bottom = 80.0

[node name="VBoxContainer" type="VBoxContainer" parent="HBox/AbilityRecharge/HBoxContainer"]
margin_left = 4.0
margin_right = 313.0
margin_bottom = 80.0
size_flags_horizontal = 3
alignment = 1

[node name="Title" type="Label" parent="HBox/AbilityRecharge/HBoxContainer/VBoxContainer"]
margin_right = 309.0
margin_bottom = 21.0
text = "Ability Rechage"
align = 1

[node name="ProgressBar" type="ProgressBar" parent="HBox/AbilityRecharge/HBoxContainer/VBoxContainer"]
margin_top = 25.0
margin_right = 309.0
margin_bottom = 80.0
size_flags_vertical = 3
custom_styles/fg = ExtResource( 5 )
percent_visible = false

[node name="VBoxHealth" type="VBoxContainer" parent="HBox"]
margin_left = 652.0
margin_right = 974.0
margin_bottom = 89.0
size_flags_horizontal = 3
alignment = 1

[node name="Shield" parent="HBox/VBoxHealth" instance=ExtResource( 3 )]
editor/display_folded = true
margin_bottom = 42.0

[node name="Panel" parent="HBox/VBoxHealth/Shield" index="0"]
margin_left = 4.45536
margin_top = 5.81134
margin_right = 317.738
margin_bottom = 38.9006

[node name="HBoxContainer" parent="HBox/VBoxHealth/Shield" index="1"]
margin_left = 4.45536
margin_top = 5.81134
margin_right = 317.738
margin_bottom = 38.9006

[node name="Title" parent="HBox/VBoxHealth/Shield/HBoxContainer" index="0"]
margin_top = 6.0
margin_bottom = 27.0
text = "Shield"

[node name="ProgressBar" parent="HBox/VBoxHealth/Shield/HBoxContainer" index="1"]
margin_right = 313.0
margin_bottom = 33.0
custom_styles/fg = ExtResource( 6 )

[node name="Health" parent="HBox/VBoxHealth" instance=ExtResource( 3 )]
margin_top = 46.0

[node name="Panel" parent="HBox/VBoxHealth/Health" index="0"]
margin_left = 4.45536
margin_top = 5.81134
margin_right = 317.738
margin_bottom = 39.9006

[node name="HBoxContainer" parent="HBox/VBoxHealth/Health" index="1"]
margin_left = 4.45536
margin_top = 5.81134
margin_right = 317.738
margin_bottom = 39.9006

[node name="Title" parent="HBox/VBoxHealth/Health/HBoxContainer" index="0"]
margin_top = 6.0
margin_bottom = 27.0
text = "Health"

[node name="ProgressBar" parent="HBox/VBoxHealth/Health/HBoxContainer" index="1"]
margin_right = 313.0
margin_bottom = 34.0
custom_styles/fg = ExtResource( 7 )

[node name="Tween" type="Tween" parent="."]
[connection signal="pressed" from="HBox/AbilityRecharge/HBoxContainer/Ability" to="." method="_on_Ability_pressed"]

[editable path="HBox/VBoxGun/Fire"]

[editable path="HBox/VBoxGun/Ammo"]

[editable path="HBox/VBoxHealth/Shield"]

[editable path="HBox/VBoxHealth/Health"]
